<marc:record xmlns:marc="http://www.loc.gov/MARC21/slim" xmlns:xsi="http://www.w3.org/2001/XMLSchema-instance" xsi:schemaLocation="http://www.loc.gov/MARC21/slim http://www.loc.gov/standards/marcxml/schema/MARC21slim.xsd"><marc:leader>00306nas a22001090a 45 0</marc:leader><marc:controlfield tag="001">1328161</marc:controlfield><marc:controlfield tag="003">NL-AMISG</marc:controlfield><marc:controlfield tag="005">19970314082009.0</marc:controlfield><marc:controlfield tag="008">199703suuuuuuuu||||||||||||||||||||||| d</marc:controlfield><marc:datafield ind1=" " ind2=" " tag="035"><marc:subfield code="a">(IISG)IISGb10255448</marc:subfield></marc:datafield><marc:datafield ind1=" " ind2=" " tag="040"><marc:subfield code="a">NL-AmISG</marc:subfield></marc:datafield><marc:datafield ind1="1" ind2="0" tag="245"><marc:subfield code="a">Europäische Wirtschafts-Union. Internationale Zeitschrift für europäische Cooperation in Wirtschaft und Politik.</marc:subfield></marc:datafield><marc:datafield ind1=" " ind2=" " tag="260"><marc:subfield code="a">'s-Gravenhage.</marc:subfield></marc:datafield><marc:datafield ind1="4" ind2=" " tag="852"><marc:subfield code="a">IISG</marc:subfield><marc:subfield code="b">IISG</marc:subfield><marc:subfield code="c">IISG</marc:subfield><marc:subfield code="j">Microfiche 5284:2</marc:subfield><marc:subfield code="n">Available</marc:subfield><marc:subfield code="p">Z26450</marc:subfield></marc:datafield><marc:datafield ind1="4" ind2=" " tag="852"><marc:subfield code="a">IISG</marc:subfield><marc:subfield code="b">IISG</marc:subfield><marc:subfield code="c">IISG</marc:subfield><marc:subfield code="j">ZF 54988.x</marc:subfield><marc:subfield code="n">Available</marc:subfield><marc:subfield code="p">Z26449</marc:subfield></marc:datafield><marc:datafield ind1="0" ind2="0" tag="853"><marc:subfield code="8">2</marc:subfield><marc:subfield code="a">(ISS)</marc:subfield></marc:datafield><marc:datafield ind1="5" ind2="0" tag="863"><marc:subfield code="8">2.1</marc:subfield><marc:subfield code="a">ISS</marc:subfield><marc:subfield code="p">P863.10338554</marc:subfield><marc:subfield code="t">1</marc:subfield></marc:datafield><marc:datafield ind1="5" ind2="0" tag="866"><marc:subfield code="a">(1928):no.15-16 UITSLUITEND BESCHIKBAAR ALS:</marc:subfield></marc:datafield><marc:datafield ind1=" " ind2=" " tag="901"><marc:subfield code="a">1328161</marc:subfield><marc:subfield code="b">Unknown</marc:subfield><marc:subfield code="c">1328161</marc:subfield><marc:subfield code="t">biblio</marc:subfield></marc:datafield><marc:datafield ind1=" " ind2=" " tag="902"><marc:subfield code="a">10622/DCD573A2-FB60-4DB0-AE8C-B7F279B11F22</marc:subfield></marc:datafield></marc:record>